<record><leader>00000cas a2200000 a 4500</leader><controlfield tag="001">11063879</controlfield><controlfield tag="008">840817d18441867vaudn ne      0    0eng c</controlfield><datafield ind1=" " ind2=" " tag="010"><subfield code="a">sn 84024729 </subfield></datafield><datafield ind1=" " ind2=" " tag="040"><subfield code="a">NPV</subfield><subfield code="b">eng</subfield><subfield code="c">NPV</subfield><subfield code="d">NPX</subfield><subfield code="d">NPY</subfield><subfield code="d">NPU</subfield><subfield code="d">NPY</subfield><subfield code="d">NPX</subfield><subfield code="d">DLC</subfield><subfield code="d">NPA</subfield><subfield code="d">NLG</subfield><subfield code="d">YOX</subfield><subfield code="d">NLG</subfield><subfield code="d">MFN</subfield><subfield code="d">NYS</subfield><subfield code="d">KNP</subfield><subfield code="d">MGN</subfield><subfield code="d">RHN</subfield><subfield code="d">MGN</subfield><subfield code="d">YOX</subfield><subfield code="d">CNK</subfield><subfield code="d">CNW</subfield><subfield code="d">MGN</subfield><subfield code="d">NVF</subfield><subfield code="d">NVK</subfield><subfield code="d">MGN</subfield><subfield code="d">NVK</subfield><subfield code="d">NVF</subfield><subfield code="d">NVK</subfield><subfield code="d">OCL</subfield><subfield code="d">CVF</subfield><subfield code="d">NVF</subfield><subfield code="d">OCLCQ</subfield><subfield code="d">KRTAS</subfield><subfield code="d">CUI</subfield><subfield code="d">DLC</subfield><subfield code="d">OCLCQ</subfield><subfield code="d">OCLCF</subfield><subfield code="d">CUS</subfield></datafield><datafield ind1=" " ind2=" " tag="042"><subfield code="a">pcc</subfield></datafield><datafield ind1=" " ind2=" " tag="043"><subfield code="a">n-us-va</subfield></datafield><datafield ind1="0" ind2="0" tag="050"><subfield code="a">Newspaper</subfield></datafield><datafield ind1=" " ind2="4" tag="050"><subfield code="a">AN</subfield></datafield><datafield ind1="0" ind2=" " tag="130"><subfield code="a">Daily Richmond enquirer (Richmond, Va. : 1844)</subfield></datafield><datafield ind1="1" ind2="0" tag="245"><subfield code="a">Daily Richmond enquirer.</subfield></datafield><datafield ind1="1" ind2="7" tag="246"><subfield code="a">Daily enquirer</subfield></datafield><datafield ind1="1" ind2="7" tag="246"><subfield code="a">Richmond enquirer</subfield></datafield><datafield ind1="1" ind2="3" tag="246"><subfield code="a">Taglicher enquirer</subfield></datafield><datafield ind1="1" ind2="3" tag="246"><subfield code="a">Richmond enquirer &amp; sentinel</subfield></datafield><datafield ind1="1" ind2="3" tag="246"><subfield code="a">Enquirer &amp; Sentinel</subfield></datafield><datafield ind1=" " ind2=" " tag="260"><subfield code="a">Richmond, Va. :</subfield><subfield code="b">T. Ritchie &amp; Sons,</subfield><subfield code="c">-1867.</subfield></datafield><datafield ind1=" " ind2=" " tag="300"><subfield code="a">v.</subfield></datafield><datafield ind1=" " ind2=" " tag="310"><subfield code="a">Daily (except Sunday)</subfield></datafield><datafield ind1="1" ind2=" " tag="362"><subfield code="a">Began in Sept. 1844.</subfield></datafield><datafield ind1="0" ind2=" " tag="362"><subfield code="a">-new ser., v. 39, no. 166 (July 13, 1867).</subfield></datafield><datafield ind1=" " ind2=" " tag="500"><subfield code="a">Published on half-sheets, 1862-1865, with varying caption titles: Richmond enquirer ; Daily enquirer ; Daily Richmond enquirer.</subfield></datafield><datafield ind1=" " ind2=" " tag="500"><subfield code="a">Published partly in German with running title Taglicher Enquirer Jan. 28-Feb. 25, 1861. Edited by Herrmann Schuricht.</subfield></datafield><datafield ind1=" " ind2=" " tag="515"><subfield code="a">Apr. 3-Oct. 29, 1865 suspended due to the great fire of Richmond.</subfield></datafield><datafield ind1=" " ind2=" " tag="530"><subfield code="a">Also issued on microfilm from the University of Missouri, the Micro Photo Div., Bell &amp; Howell Co., and the Library of Virginia.</subfield></datafield><datafield ind1=" " ind2=" " tag="580"><subfield code="a">Monthly ed.: Richmond enquirer monthly advertising sheet, &lt;1860&gt;.</subfield></datafield><datafield ind1=" " ind2=" " tag="580"><subfield code="a">Weekly eds.: Weekly Richmond enquirer (Richmond, Va. : 1855), 1855-1860 and: Richmond weekly enquirer (Richmond, Va. : 1860), 1860-1862 and: Weekly Richmond enquirer (Richmond, Va. : 1862), 1862-&lt;1865&gt; and: Richmond enquirer (Richmond, Va. : Weekly), &lt;1866&gt;-1867.</subfield></datafield><datafield ind1=" " ind2=" " tag="580"><subfield code="a">Triweekly ed.: Richmond enquirer (Richmond, Va. : Triweekly), &lt;1865&gt;.</subfield></datafield><datafield ind1=" " ind2=" " tag="588"><subfield code="a">Description based on: Vol. 1, no. 10 (Sept. 28, 1844).</subfield></datafield><datafield ind1=" " ind2="0" tag="651"><subfield code="a">Richmond (Va.)</subfield><subfield code="v">Newspapers.</subfield></datafield><datafield ind1=" " ind2="7" tag="651"><subfield code="a">Virginia</subfield><subfield code="z">Richmond.</subfield><subfield code="2">fast</subfield><subfield code="0">(OCoLC)fst01205345</subfield></datafield><datafield ind1=" " ind2="7" tag="655"><subfield code="a">Newspapers.</subfield><subfield code="2">fast</subfield><subfield code="0">(OCoLC)fst01423814</subfield></datafield><datafield ind1=" " ind2=" " tag="752"><subfield code="a">United States</subfield><subfield code="b">Virginia</subfield><subfield code="d">Richmond.</subfield></datafield><datafield ind1="1" ind2=" " tag="775"><subfield code="t">Richmond enquirer monthly advertising sheet</subfield><subfield code="w">(DLC)sn 00061500</subfield></datafield><datafield ind1="0" ind2=" " tag="775"><subfield code="t">Richmond enquirer (Richmond, Va. : 1815 : Semiweekly)</subfield><subfield code="w">(DLC)sn 84024735</subfield><subfield code="w">(OCoLC)1764332</subfield></datafield><datafield ind1="1" ind2=" " tag="775"><subfield code="t">Richmond enquirer (Richmond, Va. : Triweekly)</subfield><subfield code="w">(DLC)sn 86071987</subfield><subfield code="w">(OCoLC)14286513</subfield></datafield><datafield ind1="1" ind2=" " tag="775"><subfield code="t">Weekly Richmond enquirer (Richmond, Va. : 1855)</subfield><subfield code="w">(DLC)sn 84024728</subfield><subfield code="w">(OCoLC)11063932</subfield></datafield><datafield ind1="1" ind2=" " tag="775"><subfield code="t">Richmond weekly enquirer (Richmond, Va. : 1860)</subfield><subfield code="w">(DLC)sn 85034450</subfield><subfield code="w">(OCoLC)12878132</subfield></datafield><datafield ind1="1" ind2=" " tag="775"><subfield code="t">Weekly Richmond enquirer (Richmond, Va. : 1862)</subfield><subfield code="w">(DLC)sn 85034451</subfield><subfield code="w">(OCoLC)12878151</subfield></datafield><datafield ind1="1" ind2=" " tag="775"><subfield code="t">Richmond enquirer (Richmond, Va. : Weekly)</subfield><subfield code="w">(DLC)sn 85026577</subfield></datafield><datafield ind1="0" ind2="8" tag="776"><subfield code="i">Online version:</subfield><subfield code="t">Daily Richmond enquirer (Richmond, Va. : 1844 : Online)</subfield><subfield code="w">(OCoLC)608528744</subfield></datafield><datafield ind1="0" ind2="0" tag="780"><subfield code="t">Richmond enquirer (Richmond, Va. : 1844 : Daily)</subfield><subfield code="w">(DLC)sn 85026447</subfield><subfield code="w">(OCoLC)12242238</subfield></datafield><datafield ind1="0" ind2="5" tag="780"><subfield code="t">Sentinel (Richmond, Va. : Daily)</subfield><subfield code="g">Mar. 3, 1866</subfield><subfield code="w">(DLC)sn 84024727</subfield><subfield code="w">(OCoLC)11070608</subfield></datafield><datafield ind1="0" ind2="7" tag="785"><subfield code="t">Daily Richmond examiner (Richmond, Va. : 1861)</subfield><subfield code="w">(DLC)sn 83045177</subfield><subfield code="w">(OCoLC)9334677</subfield></datafield><datafield ind1="0" ind2="7" tag="785"><subfield code="t">Enquirer and examiner</subfield><subfield code="w">(DLC)sn 86071839</subfield><subfield code="w">(OCoLC)14106160</subfield></datafield><datafield ind1="4" ind2="1" tag="856"><subfield code="3">03/06/1862 to 03/02/1865</subfield><subfield code="u">http://infoweb.newsbank.com/?db=EANX&amp;s_browseRef=decades/10CE11449F49C7E8/all.xml</subfield></datafield><datafield ind1=" " ind2=" " tag="938"><subfield code="a">Kirtas Technologies, Inc.</subfield><subfield code="b">KRTS</subfield><subfield code="n">738721</subfield></datafield><datafield ind1="1" ind2=" " tag="029"><subfield code="a">AU@</subfield><subfield code="b">000020341835</subfield></datafield></record>